 @MISC{alonso,
    author = {Heiko Schuldt and Gustavo Alonso and Catriel Beeri and Hans-JÃ¶rg Schek},
    title = {Atomicity and Isolation for Transactional Processes},
    year = {2002}
}

